<?xml version="1.0" encoding="utf-8"?>
<record xmlns="http://www.loc.gov/MARC21/slim" xmlns:xsi="http://www.w3.org/2001/XMLSchema-instance" xsi:schemaLocation="http://www.loc.gov/MARC21/slim http://www.loc.gov/standards/marcxml/schema/MARC21slim.xsd">
	<leader>     nam a22     Mi 4500</leader>
	<controlfield tag="001">6054</controlfield>
	<controlfield tag="003">aeadna</controlfield>
	<controlfield tag="006">m        d        </controlfield>
	<controlfield tag="007">cr cn |||m|||a</controlfield>
	<controlfield tag="008">210727s1903    ua     foe   a0 0 0dara u</controlfield>
	<datafield ind1=" " ind2=" " tag="040">
		<subfield code="a">ZYU</subfield>
		<subfield code="b">ara</subfield>
		<subfield code="c">ZYU</subfield>
	</datafield>
	<datafield ind1="0" ind2=" " tag="041">
		<subfield code="a">ara</subfield>
	</datafield>
	<datafield ind1=" " ind2=" " tag="043">
		<subfield code="a">ma---</subfield>
	</datafield>
	<datafield ind1=" " ind2="4" tag="050">
		<subfield code="a">PJ7745</subfield>
		<subfield code="b">.I15 1903</subfield>
	</datafield>
	<datafield ind1="1" ind2="0" tag="082">
		<subfield code="a">416</subfield>
		<subfield code="b">21</subfield>
	</datafield>
	<datafield ind1="2" ind2=" " tag="100">
		<subfield code="a">ابن عبد ربه الأندلسي، أبي عمر بن محمد،</subfield>
		<subfield code="d">860-940 م.</subfield>
	</datafield>
	<datafield ind1="1" ind2="0" tag="245">
		<subfield code="a"> العقد الفريد</subfield>
		<subfield code="h">[electronic resource] /</subfield>
		<subfield code="c">أبي عمر بن محمد بن عبدربه الأندلسي. وبهامشه زهر الآداب وثمر الألباب/لأبي اسحق ابراهيم بن علي، المعروف بالحصري القيرواني المالكي</subfield>
	</datafield>
	<datafield ind1="3" ind2="0" tag="246">
		<subfield code="a">زهر الآداب وثمر الألباب</subfield>
	</datafield>
	<datafield ind1=" " ind2=" " tag="250">
		<subfield code="a">ط.1</subfield>
	</datafield>
	<datafield ind1=" " ind2=" " tag="260">
		<subfield code="a">القاهرة :</subfield>
		<subfield code="b">المطبعة الأزهرية،</subfield>
		<subfield code="c">1321 هـ.[1903]</subfield>
	</datafield>
	<datafield ind1=" " ind2=" " tag="300">
		<subfield code="a">online resource (1-8، 3 مج. ؛)</subfield>
	</datafield>
	<datafield ind1=" " ind2=" " tag="500">
		<subfield code="a">نبذة من سيرة المؤلف : هو أبو عمر أحمد بن محمد بن عبد ربه بن حبيب بن حيدر بن سالم، مولى هشام بن عبد الرحمن بن معاوية بن هشام بن عبد الملك بن مروان،   ولد ابن عبد ربه سنة 246هـ وتوفي يوم الأحد في الثامن عشر من جمادى الأولى لسنة 328هـ عن عمر يناهز اثنين وثمانين عاماً، ودُفن يوم الاثنين في المقبرة الواقعة في العباس بقرطبة.  وهو أديب وشاعر ومن أهل العلم. وقد جمع ابن عبد ربه أثناء التحصيل العلميّ بين كل من الثقافة الدينية والأدبية، واعتنى بأدب المشارقة نظراً لما أخذه عن شيوخه في الأندلس مثل: بقي بن مخلد، ومحمد بن عبد السلام الخشنيّ، ومحمد بن وضاح وغيرهم من رجال العلم الذين جابوا أقطار المشرق وذاع صيتهم في الأندلس وأقطار المغرب، ورغم أنّ ابن عبد ربه أندلسيّ الأصل إلّا أنّه لم يُشر إليها أو إلى أهلها بأي كلمة فيما عدا ما عرّف به عن نفسه ونشره للشعر. من أشهر كتبه العقد الفريد، وهو كتاب يجمع بين الأخبار، والأنساب، والأمثال، والشعر، والعروض والموسيقى، وقد شمل خلاصة ما كتب الأصمعيّ، وأبو عبيدة، والجاحظ، وابن قتيبة وغيرهم من الأدباء الكبار، وكتاب العقد الفريد مقسّم إلى عدّة أقسام، وسمّى ابن عبد ربّه كل باب منه على طريقة العقد، وجعل منه خمسة وعشرين كتاباً، كل كتاب يحتوي جزئين، أي أنّ الكتاب يحتوي على خمسين جزءاً.</subfield>
	</datafield>
	<datafield ind1=" " ind2=" " tag="500">
		<subfield code="a">ورق الكتاب أصفر. طباعة حجرية. مجلد تجليد فني.</subfield>
	</datafield>
	<datafield ind1=" " ind2=" " tag="500">
		<subfield code="a">Part of the Arabic Collections Online (ACO) project, contributed by United Arab Emirates National Archives.</subfield>
	</datafield>
	<datafield ind1=" " ind2=" " tag="520">
		<subfield code="a"> يشتمل الكتاب على جملة من الأخبار والأمثال والحكم والمواعظ والأشعار وغيرها. وقد سُمي بـ «العقد» لأن ابن عبد ربه قسّمه إلى أبواب أو كتب حمل كل منها اسم حجر كريم، كالزبرجدة والمرجانة والياقوتة والجمانة واللؤلؤة، وغير ذلك مما تناول عقود الحسان الحقيقية. الكتاب موسوعة أدبية، تجمع بين المختارات الشعرية والنثرية، ولمحات من التاريخ والأخبار، مع الأخذ بنظرات في البلاغة والنقد مع شيء من العروض والموسيقى، وإشارات للأخلاق والعادات.</subfield>
	</datafield>
	<datafield ind1=" " ind2=" " tag="533">
		<subfield code="a">Electronic reproduction.</subfield>
		<subfield code="b">New York, N.Y. :</subfield>
		<subfield code="c">New York University,</subfield>
		<subfield code="d">2021.</subfield>
		<subfield code="5">NNU</subfield>
	</datafield>
	<datafield ind1=" " ind2=" " tag="546">
		<subfield code="a">هدية سمو الشيخ صالح بن ناصر آل ثاني إلى مكتبة مركز الوثائق والدراسات أبو ظبي.</subfield>
	</datafield>
	<datafield ind1=" " ind2="4" tag="650">
		<subfield code="a">الشعر العربي</subfield>
		<subfield code="x">تاريخ ونقد</subfield>
		<subfield code="y">العصر الجاهلي</subfield>
	</datafield>
	<datafield ind1=" " ind2="4" tag="650">
		<subfield code="a">الشعر العربي</subfield>
		<subfield code="x">العروض والقوافي</subfield>
	</datafield>
	<datafield ind1=" " ind2="4" tag="650">
		<subfield code="a">الأدب العربي،</subfield>
		<subfield code="y"> 750-1258</subfield>
	</datafield>
	<datafield ind1=" " ind2="4" tag="650">
		<subfield code="a">الأدب العربي،</subfield>
		<subfield code="v">الأعمال المبكرة حتى 1800.</subfield>
	</datafield>
	<datafield ind1="1" ind2=" " tag="700">
		<subfield code="a">الحصري، إبراهيم بن علي،</subfield>
		<subfield code="d">ت. 1022؟.</subfield>
		<subfield code="t">زهر الآداب وثمر الألباب.</subfield>
	</datafield>
	<datafield ind1="2" ind2=" " tag="710">
		<subfield code="a">Abu Dhabi (United Arab Emirates).</subfield>
		<subfield code="b">National Archives.</subfield>
	</datafield>
	<datafield ind1="0" ind2=" " tag="730">
		<subfield code="a">Arabic Collections Online.</subfield>
	</datafield>
	<datafield ind1="0" ind2="8" tag="776">
		<subfield code="i">Print version:</subfield>
		<subfield code="a">ابن عبد ربه الأندلسي، أبي عمر بن محمد، 860-940 م.</subfield>
		<subfield code="t"> العقد الفريد</subfield>
		<subfield code="w">(aeadna)6054</subfield>
	</datafield>
	<datafield ind1="4" ind2="0" tag="856">
		<subfield code="u">http://hdl.handle.net/2333.1/5x69pkxc</subfield>
	</datafield>
	<datafield ind1=" " ind2=" " tag="949">
		<subfield code="a">PJ7745 .I15 1903</subfield>
		<subfield code="v">1</subfield>
		<subfield code="w">DDC</subfield>
		<subfield code="i">30018000000637</subfield>
		<subfield code="u">06/22/2003</subfield>
		<subfield code="d">07/15/2009</subfield>
		<subfield code="n">0</subfield>
		<subfield code="t">Book</subfield>
		<subfield code="l">av</subfield>
		<subfield code="m">MAIN</subfield>
		<subfield code="x">RAR</subfield>
	</datafield>
	<datafield ind1=" " ind2=" " tag="949">
		<subfield code="a">PJ7745 .I15 1903</subfield>
		<subfield code="v">2</subfield>
		<subfield code="w">DDC</subfield>
		<subfield code="i">30018000000635</subfield>
		<subfield code="u">06/22/2003</subfield>
		<subfield code="d">07/15/2009</subfield>
		<subfield code="n">0</subfield>
		<subfield code="t">Book</subfield>
		<subfield code="l">av</subfield>
		<subfield code="m">MAIN</subfield>
		<subfield code="x">RAR</subfield>
	</datafield>
	<datafield ind1=" " ind2=" " tag="949">
		<subfield code="a">PJ7745 .I15 1903</subfield>
		<subfield code="v">3</subfield>
		<subfield code="w">DDC</subfield>
		<subfield code="i">30018000000633</subfield>
		<subfield code="u">06/22/2003</subfield>
		<subfield code="d">07/15/2009</subfield>
		<subfield code="n">0</subfield>
		<subfield code="t">Book</subfield>
		<subfield code="l">av</subfield>
		<subfield code="m">MAIN</subfield>
		<subfield code="x">RAR</subfield>
	</datafield>
	<datafield ind1=" " ind2=" " tag="959">
		<subfield code="a">NNU</subfield>
		<subfield code="b">WEB</subfield>
		<subfield code="c">GENI</subfield>
		<subfield code="t">0</subfield>
		<subfield code="m">Electronic access</subfield>
		<subfield code="s">01</subfield>
	</datafield>
	<datafield ind1=" " ind2=" " tag="999">
		<subfield code="i">aeadna_6054</subfield>
		<subfield code="s">uaena_aco000059:1</subfield>
		<subfield code="s">uaena_aco000060:2</subfield>
		<subfield code="s">uaena_aco000061:3</subfield>
		<subfield code="e">(ERROR-880)</subfield>
	</datafield>
</record>
